@article{Karaboga2018,
  title = {Discovery of conserved regions in DNA sequences by Artificial Bee Colony (ABC) algorithm based methods},
  volume = {18},
  ISSN = {1572-9796},
  url = {http://dx.doi.org/10.1007/s11047-018-9674-1},
  DOI = {10.1007/s11047-018-9674-1},
  number = {2},
  journal = {Natural Computing},
  publisher = {Springer Science and Business Media LLC},
  author = {Karaboga,  Dervis and Aslan,  Selcuk},
  year = {2018},
  month = feb,
  pages = {333–350}
}

@article{Matys2003,
  title = {TRANSFAC(R): transcriptional regulation,  from patterns to profiles},
  volume = {31},
  ISSN = {1362-4962},
  url = {http://dx.doi.org/10.1093/nar/gkg108},
  DOI = {10.1093/nar/gkg108},
  number = {1},
  journal = {Nucleic Acids Research},
  publisher = {Oxford University Press (OUP)},
  author = {Matys,  V.},
  year = {2003},
  month = jan,
  pages = {374–378}
}

@article{gupta2007quantifying,
  title={Quantifying similarity between motifs},
  author={Gupta, Shobhit and Stamatoyannopoulos, John A and Bailey, Timothy L and Noble, William Stafford},
  journal={Genome biology},
  volume={8},
  pages={1--9},
  year={2007},
  publisher={Springer}
}

@article{leonormodification,
  title={Modification of Gibbs Sampling Algorithm in Finding Planted DNA (l, d)-Motifs through Variations of Exemption Count},
  author={Leonor, William Bernard S and Fernandez Jr, Proceso L}
}

